@book{einstein,
  author    = {Arthur Sasse},
  title     = {Einstein stucking out his tongue},
  publisher = {United Press},
  year      = 1951
}